@book{McCormick1979,
    author = {Barnes W McCormick},
    title = {Aerodynamics, Aeronautics and Flight Mechanics},
    publisher = {John Wiley and Sons},
    address = {New York},
    year = {1979},
}

@misc{Unified,
    author = {Z. S. Spakovszky and E. M. Greitzer and I. A. Waitz},
    title = {Performance of Propellers },
    url = {http://web.mit.edu/16.unified/www/FALL/thermodynamics/notes/node86.html},
}